*-----------------------------------------------*
*------------- EXEMPLES DE SOURCES -------------*
*-----------------------------------------------*

Article
@article{exempleArticle,
	author={Nom Prénom},
	journal={Mon Journal},
	title={Titre},
	year={2002},
	month={apr},
	pages={10},	
	notes={Mes notes},
}

Livre
@book{exempleBook,
	author={Nom Prénom},
	title={Titre},
	publisher={Mon editeur},
	year={2002},
}

Document technique
@manual{exempleDocTechnique,
	title={Titre},
	author={Nom Prénom},
	year={2002},
	organization={Mon organisation},
}

Sites web et ce qui ne trouve pas
sa place ailleurs
Divers
@misc{exempleSiteWeb,
	author={Nom Prénom},
	title={Titre},
	month={apr},
	year={2002},
	note={https://git.antonin.io},
}

Thèse de doctorat
@phdthesis{exempleThese,
	title={Titre},
	author={Nom Prénom},
	school={ESAIP},
	year={2002},
}

Manuscrit non publié
@unpublished{exempleManuscrit,
	title={Titre},
	author={Nom Prénom},
	note={Ma note},
	month={apr},
	year={2002},
}


*-----------------------------------------------*
*--------- MOTS CLES LES PLUS REPENDUS ---------*
*-----------------------------------------------*

author -> auteur
journal -> Journal
month -> mois de publication, au choix (jan, feb, mar, apr)
note -> notes complémentaires
organization -> société ou organisation
pages -> pages concernées
publisher -> éditeur
year -> année de publication